@ARTICLE{Rost2014vh,
  title    = {OpenSWATH enables automated, targeted analysis of
              data-independent acquisition MS data},
  author   =  {Hannes L Röst and  George Rosenberger and Pedro Navarro and
              Ludovic Gillet and Saša M Miladinović and Olga T Schubert
	      and Witold Wolski and Ben C Collins and Johan Malmström
	      and Lars Malmström and Ruedi Aebersold},
  journal  = {Nat. Biotechnol.},
  volume   =  {32},
  number   =  {3},
  pages    = "219--223",
  month    =  {mar},
  year     =  {2014},
}

